@article{Schutz_1986,
       author = {Schutz, B.F.},
        title = "{Determining the Hubble constant from gravitational wave observations}",
      journal = {\nat},
     keywords = {Astrometry, Gravitational Waves, Hubble Constant, Binary Stars, Gravitational Wave Antennas, Kilometric Waves, Neutron Stars, Orbit Decay, Astrophysics},
         year = 1986,
        month = sep,
       volume = {323},
       number = {6086},
        pages = {310-311},
          doi = {10.1038/323310a0},
       adsurl = {https://ui.adsabs.harvard.edu/abs/1986Natur.323..310S},
      adsnote = {Provided by the SAO/NASA Astrophysics Data System}
}

@article{Planck_2020,
       author = {{Planck Collaboration} and {Aghanim}, N. and {Akrami}, Y. and {Ashdown}, M. and {Aumont}, J. and others},
       title = {Planck 2018 results. VI. Cosmological parameters},
      journal = {Astronomy and Astrophysics},
     keywords = {cosmic background radiation, cosmological parameters, Astrophysics - Cosmology and Nongalactic Astrophysics},
         year = 2020,
        month = sep,
       volume = {641},
}

@article{Riess_2019,
	doi = {10.3847/1538-4357/ab1422},
	%url = {https://doi.org/10.3847%2F1538-4357%2Fab1422},
	year = {2019},
	month = {may},
	publisher = {American Astronomical Society},
	volume = {876},
	number = {1},
	pages = {85},
	author = {Adam G. Riess and Stefano Casertano and Wenlong Yuan and Lucas M. Macri and Dan Scolnic},
	title = {Large Magellanic Cloud Cepheid Standards Provide a 1{\%} Foundation for the Determination of the Hubble Constant and Stronger Evidence for Physics beyond $\{upLambda}${CDM}},
	journal = {The Astrophysical Journal}
}

@article{Press_1974,
       author = {{Press}, William H. and {Schechter}, Paul},
        title = {Formation of Galaxies and Clusters of Galaxies by Self-Similar Gravitational Condensation},
      journal = {\apj},
         year = 1974,
        month = feb,
       volume = {187},
        pages = {425-438},
          doi = {10.1086/152650},
       adsurl = {https://ui.adsabs.harvard.edu/abs/1974ApJ...187..425P},
      adsnote = {Provided by the SAO/NASA Astrophysics Data System}
}

@article{Hubble_1929,
author = {Edwin Hubble },
title = {A relation between distance and radial velocity among extra-galactic nebulae},
journal = {Proceedings of the National Academy of Sciences},
volume = {15},
number = {3},
pages = {168-173},
year = {1929},
doi = {10.1073/pnas.15.3.168},
URL = {https://www.pnas.org/doi/abs/10.1073/pnas.15.3.168},
eprint = {https://www.pnas.org/doi/pdf/10.1073/pnas.15.3.168}
}

@article{Chen_2018,
       author = {{Chen}, Hsin-Yu and {Fishbach}, Maya and {Holz}, Daniel E.},
        title = {A two per cent Hubble constant measurement from standard sirens within five years},
      journal = {\nat},
     keywords = {Astrophysics - Cosmology and Nongalactic Astrophysics, Astrophysics - High Energy Astrophysical Phenomena},
         year = 2018,
        month = oct,
       volume = {562},
       number = {7728},
        pages = {545-547},
          doi = {10.1038/s41586-018-0606-0},
archivePrefix = {arXiv},
       eprint = {1712.06531},
 primaryClass = {astro-ph.CO},
       adsurl = {https://ui.adsabs.harvard.edu/abs/2018Natur.562..545C},
      adsnote = {Provided by the SAO/NASA Astrophysics Data System}
}

@article{Nair_2018,
	title = {Measuring the {Hubble} constant: {Gravitational} wave observations meet galaxy clustering},
	volume = {98},
	issn = {2470-0010, 2470-0029},
	shorttitle = {Measuring the {Hubble} constant},
	url = {http://arxiv.org/abs/1804.06085},
	doi = {10.1103/PhysRevD.98.023502},
	language = {en},
	number = {2},
	urldate = {2022-04-25},
	journal = {Physical Review D},
	author = {Nair, Remya and Bose, Sukanta and Saini, Tarun Deep},
	month = jul,
	year = {2018},
	note = {arXiv: 1804.06085},
	keywords = {Astrophysics - Cosmology and Nongalactic Astrophysics},
	pages = {023502},
	annote = {Comment: 15 pages, 4 figures: published},
	file = {Nair et al. - 2018 - Measuring the Hubble constant Gravitational wave .pdf:/home/rachel/Zotero/storage/VJGWQQYK/Nair et al. - 2018 - Measuring the Hubble constant Gravitational wave .pdf:application/pdf}
}

@article{GW170814_DES,
	title = {First {Measurement} of the {Hubble} {Constant} from a {Dark} {Standard} {Siren} using the {Dark} {Energy} {Survey} {Galaxies} and the {LIGO}/{Virgo} {Binary}–{Black}-hole {Merger} {GW170814}},
	volume = {876},
	issn = {2041-8213},
	url = {https://iopscience.iop.org/article/10.3847/2041-8213/ab14f1},
	doi = {10.3847/2041-8213/ab14f1},
	language = {en},
	number = {1},
	urldate = {2022-04-25},
	journal = {The Astrophysical Journal},
	author = {Soares-Santos, M. and Palmese, A. and Hartley, W. and Annis, J. and Garcia-Bellido, J. and others},
    month = {apr},
	year = {2019},
	pages = {L7}
}

@article{Singer_2016,
       author = {{Singer}, Leo P. and {Chen}, Hsin-Yu and {Holz}, Daniel E. and {Farr}, Will M. and {Price}, Larry R. and others},
       title = {Going the Distance: Mapping Host Galaxies of LIGO and Virgo Sources in Three Dimensions Using Local Cosmography and Targeted Follow-up},
      journal = {apjs},
     keywords = {catalogs, galaxies: distances and redshifts, gravitational waves, surveys, Astrophysics - Instrumentation and Methods for Astrophysics, Astrophysics - High Energy Astrophysical Phenomena},
         year = {2016},
        month = {sep},
       volume = {226},
       number = {1},
          eid = {10},
        pages = {10},
          doi = {10.3847/0067-0049/226/1/10},
archivePrefix = {arXiv},
       eprint = {1605.04242},
 primaryClass = {astro-ph.IM},
}

@article{GWTC_2,
	title = {{GWTC}-2: {Compact} {Binary} {Coalescences} {Observed} by {LIGO} and {Virgo} during the {First} {Half} of the {Third} {Observing} {Run}},
	volume = {11},
	issn = {2160-3308},
	shorttitle = {{GWTC}-2},
	url = {https://link.aps.org/doi/10.1103/PhysRevX.11.021053},
	doi = {10.1103/PhysRevX.11.021053},
	language = {en},
	number = {2},
	urldate = {2022-04-28},
	journal = {Physical Review X},
	author = {Abbott, R. and Abbott, T. D. and Abraham, S. and Acernese, F. and Ackley, K. and others},
    month = {jun},
	year = {2021},
	pages = {021053}
}

@article{GW170817_announce,
  title = {GW170817: Observation of Gravitational Waves from a Binary Neutron Star Inspiral},
  author = {Abbott, B. P. and Abbott, R. and Abbott, T. D. and Acernese, F. and Ackley, K. and others},
  collaboration = {LIGO Scientific Collaboration and Virgo Collaboration},
  journal = {Phys. Rev. Lett.},
  volume = {119},
  issue = {16},
  pages = {161101},
  numpages = {18},
  year = {2017},
  month = {Oct},
  publisher = {American Physical Society},
  doi = {10.1103/PhysRevLett.119.161101},
  url = {https://link.aps.org/doi/10.1103/PhysRevLett.119.161101}
}

@article{GWTC_3,
	title = {{GWTC}-3: {Compact} {Binary} {Coalescences} {Observed} by {LIGO} and {Virgo} {During} the {Second} {Part} of the {Third} {Observing} {Run}},
	shorttitle = {{GWTC}-3},
	url = {http://arxiv.org/abs/2111.03606},
	urldate = {2022-04-28},
	journal = {arXiv:2111.03606 [astro-ph, physics:gr-qc]},
	author = {The LIGO Scientific Collaboration and the Virgo Collaboration and the KAGRA Collaboration and Abbott, R. and Abbott, T. D. and Acernese, F. and others},
    month = nov,
	year = {2021},
	note = {arXiv: 2111.03606},
	keywords = {Astrophysics - High Energy Astrophysical Phenomena, General Relativity and Quantum Cosmology}
}

@article{Hansen_2005,
	title = {Measurement of {Galaxy} {Cluster} {Sizes}, {Radial} {Profiles}, and {Luminosity} {Functions} from {SDSS} {Photometric} {Data}},
	volume = {633},
	issn = {0004-637X, 1538-4357},
	url = {https://iopscience.iop.org/article/10.1086/444554},
	doi = {10.1086/444554},
	language = {en},
	number = {1},
	urldate = {2022-04-25},
	journal = {The Astrophysical Journal},
	author = {Hansen, Sarah M. and McKay, Timothy A. and Wechsler, Risa H. and Annis, James and Sheldon, Erin Scott and Kimball, Amy},
	month = nov,
	year = {2005},
	pages = {122--137},
	file = {Hansen et al. - 2005 - Measurement of Galaxy Cluster Sizes, Radial Profil.pdf:/home/rachel/Zotero/storage/WQ4VJQCD/Hansen et al. - 2005 - Measurement of Galaxy Cluster Sizes, Radial Profil.pdf:application/pdf},
}

@article{Fishbach_2019,
	doi = {10.3847/2041-8213/aaf96e},
  	%url = {https://doi.org/10.3847%2F2041-8213%2Faaf96e},
  	year = 2019,
	month = {jan},
  	publisher = {American Astronomical Society},
  	volume = {871},
  	number = {1},
  	pages = {L13},
  	author = {M. Fishbach and R. Gray and I. Maga{\~{n}}a Hernandez and H. Qi and A. Sur and others},
    title = {A Standard Siren Measurement of the Hubble Constant from {GW}170817 without the Electromagnetic Counterpart},
	journal = {The Astrophysical Journal}
}

@article{Efstathiou_2021,
	doi = {10.21105/astro.1910.00483},
	%url = {https://doi.org/10.21105%2Fastro.1910.00483},
	year = 2021,
	month = {aug},
	publisher = {The Open Journal},
	volume = {4},
	number = {1},
	author = {George Efstathiou and Steven Gratton},
	title = {A Detailed Description of the {CAMSPEC} Likelihood Pipeline and a Reanalysis of the Planck High Frequency Maps},
	journal = {The Open Journal of Astrophysics}
}

@article{Calabrese_2008,
	doi = {10.1103/physrevd.77.123531},
	%url = {https://doi.org/10.1103%2Fphysrevd.77.123531},
	year = 2008,
	month = {jun},
	publisher = {American Physical Society ({APS})},
	volume = {77},
	number = {12},
	author = {Erminia Calabrese and An{\v{z}}e Slosar and Alessandro Melchiorri and George F. Smoot and Oliver Zahn},
	title = {Cosmic microwave weak lensing data as a test for the dark universe},
	journal = {Physical Review D}
}

@article{Davis_2019,
	doi = {10.1093/mnras/stz2652},
	%url = {https://doi.org/10.1093%2Fmnras%2Fstz2652},
	year = 2019,
	month = {sep},
	publisher = {Oxford University Press ({OUP})},
	volume = {490},
	number = {2},
	pages = {2948--2957},
	author = {Tamara M Davis and Samuel R Hinton and Cullan Howlett and Josh Calcino},
	title = {Can redshift errors bias measurements of the Hubble Constant?},
	journal = {Monthly Notices of the Royal Astronomical Society}
}

@article{Freedman_2019,
	doi = {10.3847/1538-4357/ab2f73},
	%url = {https://doi.org/10.3847%2F1538-4357%2Fab2f73},
	year = 2019,
	month = {aug},
	publisher = {American Astronomical Society},
	volume = {882},
	number = {1},
	pages = {34},
	author = {Wendy L. Freedman and Barry F. Madore and Dylan Hatt and Taylor J. Hoyt and In Sung Jang and others},
    title = {The Carnegie-Chicago Hubble Program. {VIII}. An Independent Determination of the Hubble Constant Based on the Tip of the Red Giant Branch
},
	journal = {The Astrophysical Journal}
}

@article{Freedman_2010,
author = {Freedman, Wendy L. and Madore, Barry F.},
title = {The Hubble Constant},
journal = {Annual Review of Astronomy and Astrophysics},
volume = {48},
number = {1},
pages = {673-710},
year = {2010},
doi = {10.1146/annurev-astro-082708-101829},

URL = { 
        https://doi.org/10.1146/annurev-astro-082708-101829
    
},
eprint = { 
        https://doi.org/10.1146/annurev-astro-082708-101829
    
}
,
}

@article{GW170817_H0,
	doi = {10.1038/nature24471},
  
	year = {2017},
	month = {oct},
  
	publisher = {Springer Science and Business Media {LLC}},
  
	volume = {551},
  
	number = {7678},
  
	pages = {85--88},
 
    author = {B. P. Abbott and R. Abbott and T. D. Abbott and F. Acernese and K. Ackley and others},
    title = {A gravitational-wave standard siren measurement of the Hubble constant},
  
	journal = {Nature}
}
